1940 3344
135 102 201 171 224
363 80 637 150 T.LlVll

128 186 154 248 se
175 181 250 246 fundi
271 182 414 264 fugatique,
428 225 430 230 -
445 184 546 244 orarrdo
563 179 743 260 hortandoque
767 180 867 260 gqu'nes

38 291 42 302 ·
128 269 254 346 proelium
269 269 415 346 integravit.
435 267 462 323 in
475 283 565 344 quern,
582 265 712 342 infignem
725 265 792 322 inter
805 262 867 338 suqs

63 423 65 428 ,
129 353 242 410 cientem
255 367 382 428 pugnam,
403 349 522 427 magister
539 347 658 424 equiturn
672 350 810 406 Romanus
826 345 869 402 in-

19 476 24 484 .
123 431 192 491 resta
204 431 307 508 cuspide
318 433 354 490 ita
362 430 478 508 permisrt
490 447 598 507 equum,
620 441 650 488 ut
662 445 719 486 uno
738 427 793 486 istu
806 444 870 484 exa-

128 515 232 572 nimem
252 531 321 589 equo
339 513 524 590 praecipitarer:
553 529 610 574 nec,
636 511 720 574 uelit,
738 509 770 566 ad
793 508 871 566 ducis

128 595 216 664 tasum
230 593 338 672 perculsa
350 596 443 672 magis,
460 591 541 671 qudm
557 593 652 650 irritata
666 595 702 651 est
715 589 869 650 multitudo.

102 701 106 710 ·
127 683 239 742 Omnes,
259 676 306 752 qui
318 675 476 738 circanam,
504 677 531 732 in
546 674 661 739 Aulium,
682 688 779 731 temere
792 672 870 730 inse·

129 760 205 818 etum
220 775 265 835 per
281 757 397 816 hostium
411 771 518 823 turmas.
536 754 584 814 tela
599 755 787 831 conjecerunt:
815 752 869 814 fra·

19 883 24 886 -
126 841 163 902 tal
182 840 343 916 precipuum
363 839 441 896 decus
460 839 507 898 ulti
526 838 685 896 Samnitium
704 833 871 912 imperatoris

128 921 259 980 dederunt.
288 921 310 978 is
327 921 456 979 ridlorem
476 919 622 979 demeum
640 938 672 976 ex
684 936 761 996 equo,
780 917 869 996 magi·

128 1003 211 1078 sssum
224 1002 341 1080 equiturn
359 1001 449 1078 plenus
463 1001 586 1061 moeroris
597 1015 675 1078 etque
691 1001 737 1059 irae
755 999 867 1060 trucida·
953 1027 958 1041 ·

128 1085 187 1142 tit:
206 1103 257 1142 nce
269 1082 382 1141 multum
394 1082 483 1148 abfuit,
505 1083 569 1160 quin
583 1100 690 1158 corpore
702 1083 792 1147 etiarm
805 1082 870 1160 quia
960 1081 962 1120 l

128 1166 194 1224 brter
206 1165 309 1230 hostiles
319 1161 443 1226 ceciderat
453 1178 564 1232 turmas,
574 1165 702 1224 Samnites
714 1164 869 1242 potioentru.

8 1255 11 1270 '
132 1241 324 1326 Sed‘extemplo
336 1248 368 1304 ad
380 1248 456 1324 pedes
471 1245 620 1307 descensum
632 1245 664 1304 ab
676 1248 806 1306 Romanis
818 1247 866 1311 est.

131 1331 266 1407 condique
276 1329 345 1387 idem
361 1330 489 1388 Samnites
500 1328 583 1388 faeere
595 1351 601 1387 :
617 1331 646 1388 bs
657 1329 788 1406 repentina
799 1329 868 1386 acies

97 1478 104 1484 ,
129 1413 196 1470 circa
216 1429 324 1486 corpora
338 1411 437 1468 ducum
458 1411 569 1486 pedestre
583 1409 708 1486 proelium
724 1411 790 1475 iniit,
810 1426 867 1486 quo

129 1491 197 1550 haud
222 1489 299 1550 dubie
327 1489 427 1567 superat
454 1495 610 1551 Romanus:
634 1507 892 1569 recuperatumque·
956 1497 962 1546 t

60 1572 62 1576 ’
131 1575 198 1632 Aulii
219 1592 312 1650 corpus
333 1575 408 1632 mista
421 1591 484 1631 curn
503 1573 592 1634 dolore
610 1571 696 1633 laetitia
709 1575 820 1634 viamen
837 1572 867 1632 in

129 1657 209 1714 calita
233 1654 353 1714 referunt.
399 1658 548 1722 Samnites*
561 1657 626 1716 duce
647 1655 749 1722 amisso,
777 1659 868 1733 &per
960 1695 962 1748 3

45 1789 52 1798 .
123 1737 500 1815 *equestsectrtamententatis
513 1739 617 1804 viribus,
641 1736 735 1796 omiffa
747 1733 868 1804 Saticula,
956 1757 962 1794 s

61 1817 65 1822 ’
130 1837 211 1896 quam
224 1820 396 1897 nequicquam
410 1819 511 1880 defendi
523 1819 651 1885 rebantur,
668 1819 700 1878 ad
714 1817 804 1878 Plistia
818 1816 877 1886 ob·,
960 1831 962 1860 ³

129 1901 256 1960 fidionem
272 1901 403 1960 redeunt:
427 1903 551 1981 intraque
571 1919 666 1978 paucos
687 1900 740 1960 dies
756 1897 867 1960 Saticula
961 1931 962 1948 κ

42 2059 46 2066 ¹
131 1981 269 2076 Romanus
282 2001 326 2060 per
338 1982 505 2051 deditionem,
532 1982 615 2042 Plistia
625 1999 676 2074 pet
690 1983 747 2043 vim
761 1981 869 2044 Samnis
946 1989 958 2058 J

111 2077 275 2210 poqggss.
297 2149 398 2205 Mutata
410 2146 470 2206 inde
486 2143 543 2206 belli
553 2144 621 2206 sedes
635 2145 680 2212 est,
701 2147 732 2206 nd
744 2141 866 2205 Soram&

130 2229 237 2288 Samnio
263 2227 402 2306 Apuliaque
424 2227 562 2287 tradudlae:
577 2225 700 2307 legiones.
743 2231 805 2286 Sora
833 2225 867 2286 ad
961 2225 962 2252 ³

128 2311 257 2370 Samnites
271 2307 405 2375 defecerat,
412 2309 552 2370 interfedsis
564 2308 662 2367 colonis
669 2313 867 2370 Romanorum.

129 2403 184 2468 quo
203 2411 288 2471 quum
306 2394 377 2471 prior
394 2395 531 2452 Romanus
551 2391 677 2450 exereitus
695 2391 727 2450 ad
742 2387 867 2450 ulciscen-

131 2475 193 2532 dam
221 2476 320 2533 clvium
348 2471 446 2534 necem
465 2473 714 2551 recuperandamque
732 2470 865 2532 coloniam
961 2501 962 2518 r

129 2557 237 2634 magnis
248 2555 382 2614 itineribus
398 2557 554 2632 praeveniffet
564 2578 573 2622 e
603 2559 630 2614 bc
653 2553 729 2632 sparsi
747 2572 792 2632 per
810 2553 867 2612 viss

129 2635 305 2712 speculatores,
330 2637 399 2715 sequi
418 2637 531 2720 legiones
550 2637 717 2700 Samnitium,
737 2654 786 2694 nec
806 2636 866 2710 jam

129 2718 221 2796 procul
233 2719 321 2786 abesse,
339 2720 380 2776 alii
397 2716 471 2796 super
487 2717 550 2778 alios
564 2719 737 2781 nunciarents
756 2715 865 2776 obvians

8 2799 9 2810 ἢ
94 2810 99 2822 ’
129 2801 200 2884 itum
221 2799 297 2870 hosti,
315 2815 390 2882 atque
403 2801 434 2862 ad
454 2799 573 2862 [aurulas
589 2799 697 2879 ancipiti
710 2797 807 2891 proelio
826 2798 867 2856 di·

475 2917 483 2946 ·,
515 2919 534 2928 .,
734 2891 867 2942 mimium
929 2928 938 2941 .
