1940 3344
284 107 596 178 nrssnnix.
678 73 860 204 πη,
958 145 959 182 i

84 227 141 288 rius
157 225 268 291 Corvus,
286 224 397 304 insignes
413 235 473 282 ante
495 221 599 288 milites,
616 221 706 300 quim·
716 223 821 286 duces?

20 308 25 364 i
90 306 211 368 renuent
222 307 298 369 Decii
311 305 411 365 devotis
426 306 576 382 corporibus
589 305 618 362 in
629 303 731 366 hostem
744 326 823 368 ruen-

15 406 20 431 ¹
88 401 144 450 tes!
163 388 268 448 cessiiiet
279 389 393 465 Papirius
405 387 514 454 Cursum
536 386 579 447 illo
595 389 709 464 corporis
719 387 823 456 robore,

87 471 129 532 ilio
143 472 248 530 animi?
269 470 353 530 vidiue
365 469 425 529 eiset
445 469 553 529 consite
567 471 669 547 juvenis
683 471 767 538 unius,
788 489 822 530 ne

11 593 12 618 ,
89 552 200 634 {iugulos
209 553 357 626 notnjnnm,
374 547 474 612 senatus
487 551 543 612 ille?
561 573 642 632 quem
655 556 701 631 qui
713 573 746 610 ex
758 555 824 628 regi·

89 635 133 698 dre
144 637 247 713 constare
261 635 335 700 dixit,
352 653 420 694 unns
432 653 519 694 veram
530 636 643 712 speciem
655 639 772 694 Romani
784 635 823 694 se·
874 687 885 700 ,
903 641 912 656 “

89 733 161 778 natus
175 718 251 794 oepit.
290 718 320 778 ld
336 715 397 776 vere
413 731 466 776 erat
484 717 635 796 pericnlum,
652 736 685 774 ne
702 715 824 784 solertiis,
906 711 910 718 ’

90 797 168 880 quim
184 797 289 878 quilibet
304 819 373 868 unus
388 817 420 858 ex
439 799 477 863 iis,
497 817 561 876 quoa
574 800 718 863 nominari,
738 799 825 857 castris

88 881 178 944 locum
196 895 310 959 caperet,
338 895 501 954 commentus
520 881 657 958 expediret,
682 879 713 937 ab
730 879 825 940 iosrdiia

11 999 13 1006 =
87 975 248 1046 praecaveret,
269 975 373 1041 tempos
381 979 478 1042 pugnae
486 961 613 1042 deligeret,
632 965 715 1021 aciem
731 963 824 1022 instru-

87 1059 150 1112 eret,
170 1044 283 1106 snbfidiis
295 1044 416 1105 firinarm
450 1047 515 1104 Non
528 1046 585 1121 jam
601 1065 663 1106 eum
675 1047 754 1104 Dario
765 1063 825 1104 rem

86 1128 138 1194 ess'e
149 1126 259 1190 dixiss'ete
278 1145 358 1205 quem
374 1125 513 1185 mulierum
526 1148 557 1186 ac
568 1128 712 1206 spadonum
727 1147 825 1208 agmen

87 1209 245 1272 nabentem,
266 1209 333 1266 inter
351 1225 492 1286 purpuram
513 1221 588 1284 atque
606 1228 708 1272 aurum,
736 1229 826 1269 onera-

88 1307 152 1352 tum
164 1287 277 1350 fortunae
286 1287 337 1346 suae
348 1288 514 1364 apparatibus,
522 1289 637 1365 praedam
651 1285 733 1347 eeriirs
744 1287 825 1368 quim

88 1373 204 1435 hostem,
224 1367 287 1427 nihil
297 1367 362 1426 aliud
376 1367 456 1446 quim
468 1367 617 1428 heneaulus
631 1389 695 1429 vana
706 1385 827 1432 contem·

89 1471 160 1518 nere,
174 1453 321 1512 incruentus
332 1447 437 1512 devicit.
468 1448 561 1532 Longe
574 1451 730 1519 aliuaitalia,
742 1452 826 1533 quim

89 1536 179 1601 Indiae,
206 1551 349 1612 perquam
368 1530 514 1592 temulento
533 1536 639 1614 agmine
656 1536 829 1595 comiffabrnr·

85 1617 138 1678 elus
159 1615 268 1682 incedit,
281 1614 352 1673 'visus
370 1615 404 1674 illi
421 1614 522 1674 habitus
540 1617 609 1681 effen
634 1615 710 1676 saltus
728 1619 828 1698 Apulae

89 1719 122 1762 ac
133 1713 250 1758 montes
264 1703 389 1758 Lucanos-
403 1701 527 1763 cernenti,
545 1704 576 1758 de
591 1700 697 1778 vestigia
715 1703 828 1762 recentia

89 1782 238 1842 domesticae
251 1778 338 1844 cladis,
362 1778 406 1836 ubi
426 1777 567 1836 avunculus
586 1779 641 1854 ejus
657 1799 738 1858 nuper
758 1781 830 1860 Epiri

89 1883 135 1924 rex
149 1859 448 1936 Aleiranderabsumptus
463 1874 525 1923 erat.
705 1930 707 1934 ¹
807 1929 811 1936 ,

133 1947 237 2004 xviii.
270 1948 304 2014 Et
326 1942 459 2021 loquimur
480 1943 513 2002 de
539 1941 680 2002 Alexandro
707 1937 829 2004 nondum
906 1993 910 1996 .

90 2025 179 2089 mer-so
192 2025 308 2086 secundis
324 2025 408 2104 rebus,
428 2035 538 2102 quarum
554 2044 636 2084 nemo
655 2024 830 2088 intolerantior

11 2161 12 2188 ,
90 2109 153 2171 soit.
171 2108 254 2186 quisi
273 2126 305 2165 ex
320 2106 407 2164 habitu
426 2125 502 2165 novae
514 2107 635 2173 fotinum
656 2109 779 2186 novique,
797 2121 829 2171 ut
919 2161 921 2166 ,

11 2227 13 2232 ,
88 2193 126 2252 ita
139 2191 236 2254 dicam,
257 2189 362 2268 ingenii,
381 2189 451 2266 quod
469 2187 514 2246 fibi
526 2191 612 2246 vidior
629 2191 754 2256 induerat,
771 2190 830 2269 spe-

11 2297 12 2338 3
89 2275 192 2338 &crura
205 2273 296 2330 'Dario
308 2272 393 2350 magis
410 2270 498 2327 similis
513 2269 593 2347 quim
610 2271 752 2331 Alexandro
764 2275 792 2330 in
803 2275 831 2332 1-

11 2343 19 2394 ’-
88 2353 181 2417 taliam
202 2352 315 2418 veniffet,
333 2357 361 2410 u
383 2354 525 2410 exercitum
547 2351 706 2410 Macedoniae
716 2351 830 2414 oblitum

87 2438 342 2516 degenerantemque
360 2432 460 2508 jamin
480 2431 612 2490 renim
632 2451 719 2493 mores
734 2433 832 2494 addux'·

88 2517 157 2580 iffet.
197 2517 304 2578 Referre
320 2515 349 2572 in
370 2523 445 2574 tanto
458 2531 519 2592 rege
536 2513 608 2593 piget
620 2513 755 2594 superbam
769 2535 832 2576 mn-

86 2602 221 2662 nitionem
240 2599 325 2663 restis,
346 2601 375 2656 δι
388 2595 534 2654 defideratas
550 2594 627 2656 humi
643 2599 785 2675 jacentium
803 2618 833 2677 aq

11 2723 13 2742 s
38 2729 44 2752 ,
86 2682 245 2746 dilationer,
264 2681 343 2741 etiam
365 2679 441 2736 vittis
461 2678 647 2738 Macedonibus
661 2699 761 2758 gravae
782 2701 857 2741 ne·-

11 2791 12 2802 r
85 2767 160 2824 dum
173 2759 332 2828 victoribus,
348 2765 377 2821 δι
390 2758 462 2818 foeda
473 2759 602 2838 supplicia,
618 2762 723 2836 &inter
735 2766 831 2823 vinum

33 2873 36 2877 ·
88 2851 121 2910 dt
141 2844 230 2921 epuler
247 2842 327 2905 cardea
334 2843 497 2911 amenum,
517 2846 546 2902 δι
559 2845 699 2908 venitm
719 2835 832 2906 emeriti-

132 2927 323 2990 Von.iI.-
513 2928 541 2989 K
653 2923 670 2996 ζ
759 2925 832 2986 enda
